<?xml version="1.0" encoding="UTF-8"?><collection xmlns="http://www.loc.gov/MARC21/slim"><record><leader>00404nam--2200133-i-4500</leader><controlfield tag="001">000043702</controlfield><controlfield tag="002">20161230</controlfield><controlfield tag="005">20161230201044</controlfield><controlfield tag="008">060222s1000------------r-----000-0-eng-d</controlfield><datafield ind1=" " ind2=" " tag="080"><subfield code="a">621.3856.001.24</subfield></datafield><datafield ind1=" " ind2=" " tag="100"><subfield code="a">Tarev,B.M</subfield></datafield><datafield ind1=" " ind2=" " tag="245"><subfield code="a">Calculul si constructia tuburilor electronice. traducere din limba rusa. numai pentru documentare</subfield></datafield><datafield ind1=" " ind2=" " tag="260"><subfield code="a">Bucuresti, Ed.Energetica De Stat, 1955. 268 P</subfield></datafield><datafield ind1=" " ind2=" " tag="852"><subfield code="a">4264</subfield></datafield></record></collection>